@online{
    author =
    title = 
    year =
    url =
}